 
@preamble{ "\newcommand{\noopsort}[1]{} "
        # "\newcommand{\printfirst}[2]{#1} "
        # "\newcommand{\singleletter}[1]{#1} "
        # "\newcommand{\switchargs}[2]{#2#1} " }

@book{munch2012software,
  title={Software process definition and management},
  author={M{\"u}nch, J{\"u}rgen and Armbrust, Ove and Kowalczyk, Martin and Sot{\'o}, Martin},
  year={2012},
  publisher={Springer Science \& Business Media}
}
@book{pressman2005software,
  title={Software engineering: a practitioner's approach},
  author={Pressman, Roger S},
  year={2005},
  publisher={Palgrave Macmillan}
}
@book{pitts1998red,
  title={Red Hat Linux},
  author={Pitts, David and Ball, Bill and others},
  year={1998},
  publisher={Sams}
}

