// Gebruikt voor het bespreken hoe een 
@INPROCEEDINGS{deploymentMethods,
keywords={referenties},
author={H. Tian and X. Zhao and Z. Gao and T. Lv and X. Dong}, 
booktitle={2010 Fifth Annual ChinaGrid Conference}, 
title={A Novel Software Deployment Method Based on Installation Packages}, 
year={2010}, 
pages={228-233}, 
doi={10.1109/ChinaGrid.2010.32}, 
ISSN={1949-131X}, 
month={July},}
// Gebruikt voor ondersteuning in keuze meta-data
@article{packAtlas,
keywords={referenties},
author = {Rybkin, G.},
journal = {Journal of Physics: Conference Series},
number = {5},
pages = {4},
title = {ATLAS software packaging},
volume = {396},
year = {2012},
}
// Algemenere informatie over packaging in atlas
@article{Obreshkov2008244,
keywords={referenties},
title = "Organization and management of \{ATLAS\} offline software releases ",
journal = "Nuclear Instruments and Methods in Physics Research Section A: Accelerators, Spectrometers, Detectors and Associated Equipment ",
volume = "584",
number = "1",
pages = "244 - 251",
year = "2008",
note = "",
issn = "0168-9002",
doi = "http://dx.doi.org/10.1016/j.nima.2007.10.002",
url = "http://www.sciencedirect.com/science/article/pii/S0168900207020967",
author = "E. Obreshkov and S. Albrand and J. Collot and J. Fulachier and F. Lambert and C. Adam-Bourdarios and C. Arnault and V. Garonne and D. Rousseau and A. Schaffer and H. von der Schmitt and A. De Salvo and V. Kabachenko and Z. Ren and Di Qing and E. Nzuobontane and P. Sherwood and B. Simmons and S. George and G. Rybkine and S. Lloyd and A. Undrus and S. Youssef and D. Quarrie and T. Hansl-Kozanecka and F. Luehring and E. Moyse and S. Goldfarb"
}
@misc{wixToolset,
keywords={referenties},
  COMauthor = {Geen idee},
  title = {WiX Toolset},
  howpublished = "\url{http://wixtoolset.org/}",
  year = {2016}, 
  note = "[Online; geraadpleegd 3-08-2016]"
}
@misc{wixTutorial,
keywords={referenties},
  COMauthor = {Geen idee},
  title = {WiX Toolset Tutorial},
  howpublished = "\url{https://www.firegiant.com/wix/tutorial/}",
  year = {2016}, 
  note = "[Online; geraadpleegd 3-08-2016]"
}
@misc{nsisMain,
keywords={referenties},
  COMauthor = {Geen idee},
  title = {{NSIS Main page}},
  howpublished = "\url{http://nsis.sourceforge.net/Main_Page}",
  year = {2016}, 
  note = "[Online; geraadpleegd 3-08-2016]"
}
@misc{chocoMain,
keywords={referenties},
  COMauthor = {Geen idee},
  title = {{Chocolatey Main page}},
  howpublished = "\url{https://chocolatey.org/}",
  year = {2016}, 
  note = "[Online; geraadpleegd 3-08-2016]"
}
@misc{chocoAbout,
keywords={referenties},
  COMauthor = {Geen idee},
  title = {{Chocolatey About page}},
  howpublished = "\url{https://chocolatey.org/about}",
  year = {2016}, 
  note = "[Online; geraadpleegd 3-08-2016]"
}
@misc{qtDoc,
keywords={referenties},
  COMauthor = {Geen idee},
  title = {{QT Installer Framework Documentation}},
  howpublished = "\url{http://doc.qt.io/qtinstallerframework/}",
  year = {2016}, 
  note = "[Online; geraadpleegd 4-08-2016]"
}
// Gebruikt om nadelen XML te ondersteunen
@inproceedings{xmill,
keywords={referenties},
 author = {Liefke, Hartmut and Suciu, Dan},
 title = {XMill: An Efficient Compressor for XML Data},
 booktitle = {Proceedings of the 2000 ACM SIGMOD International Conference on Management of Data},
 series = {SIGMOD '00},
 year = {2000},
 isbn = {1-58113-217-4},
 location = {Dallas, Texas, USA},
 pages = {153--164},
 numpages = {12},
 url = {http://doi.acm.org/10.1145/342009.335405},
 doi = {10.1145/342009.335405},
 acmid = {335405},
 publisher = {ACM},
 address = {New York, NY, USA},
}
// Deployment strategie
@book{munch2012software,
  title={Software process definition and management},
  author={M{\"u}nch, J{\"u}rgen and Armbrust, Ove and Kowalczyk, Martin and Sot{\'o}, Martin},
  year={2012},
  publisher={Springer Science \& Business Media}
}
// Software Dock flow
@inproceedings{hall1997architecture,
keywords={referenties},
  title={An architecture for post-development configuration management in a wide-area network},
  author={Hall, Richard S and Heimbigner, Dennis and Van Der Hoek, Andre and Wolf, Alexander L},
  booktitle={Distributed Computing Systems, 1997., Proceedings of the 17th International Conference on},
  pages={269--278},
  year={1997},
  organization={IEEE}
}
// Software dock architectuur
@inproceedings{hall1999cooperative,
keywords={referenties},
  title={A cooperative approach to support software deployment using the software dock},
  author={Hall, Richard S and Heimbigner, Dennis and Wolf, Alexander L},
  booktitle={Software Engineering, 1999. Proceedings of the 1999 International Conference on},
  pages={174--183},
  year={1999},
  organization={IEEE}
}
// Algemene uitleg over deployment cyclus
@INPROCEEDINGS{softwareDeployment,
keywords={referenties}, 
author={A. Dearie}, 
booktitle={Future of Software Engineering, 2007. FOSE '07}, 
title={Software Deployment, Past, Present and Future}, 
year={2007}, 
pages={269-284}, 
doi={10.1109/FOSE.2007.20}, 
month={May},
}
// ATLAS
@inproceedings{salvo2008atlas,
keywords={referenties}, 
  title={The ATLAS software installation system for LCG/EGEE},
  author={Salvo, AD and Barchiesi, Alessandro and Gnanvo, Kondo and Gwilliam, Carl and Kennedy, John and Krobath, Gernot and Olszewski, Andrzej and Rybkine, Grigory},
  booktitle={Journal of Physics: Conference Series},
  volume={119},
  number={5},
  pages={052013},
  year={2008},
  organization={IOP Publishing}
}
// Verklaring van de afkorting LCG/EGEE
@article{bird2005lhc,
keywords={referenties}, 
  title={LHC computing Grid},
  author={Bird, Ian and Bos, Kors and Brook, N and Duellmann, D and Eck, C and Fisk, I and Foster, D and Gibbard, B and Girone, M and Grandi, C and others},
  journal={Technical design report},
  pages={8},
  year={2005}
}
// ORYA
@inproceedings{lestideau2003providing,
keywords={referenties}, 
  title={Providing highly automated and generic means for software deployment process},
  author={Lestideau, Vincent and Belkhatir, Noureddine},
  booktitle={European Workshop on Software Process Technology},
  pages={128--142},
  year={2003},
  organization={Springer}
}
// legt uit wat een PSEE is 
@article{belkhatir2007adele,
keywords={referenties}, 
  title={THE ADELE-TEMPO experience: an environment to support process modeling and enaction.},
  author={Belkhatir, Noureddine and Estublier, Jacky and Melo, Walcelio},
  journal={Software Process Modelling and Technology Research Studies Press},
  pages={1--37},
  year={2007}
}
// Nix deployment en problemen
@book{dolstra2006purely,
keywords={referenties}, 
  title={The purely functional software deployment model},
  author={Dolstra, Eelco},
  year={2006},
  publisher={Utrecht University}
}
// Figuur en uitleg over deployment cyclus
@techreport{carzaniga1998characterization,
keywords={referenties}, 
  title={A characterization framework for software deployment technologies},
  author={Carzaniga, Antonio and Fuggetta, Alfonso and Hall, Richard S and Heimbigner, Dennis and Van Der Hoek, Andr{\'e} and Wolf, Alexander L},
  year={1998},
  institution={DTIC Document}
}}
// Haalt argumenten aan om server te distribueren
@article{patterson2008data,
keywords={referenties}, 
  title={The data center is the computer},
  author={Patterson, David A},
  journal={Communications of the ACM},
  volume={51},
  number={1},
  pages={105--105},
  year={2008}
}
// Roll back strategie -> vooral gedistribueerd
@article{elnozahy2002survey,
  title={A survey of rollback-recovery protocols in message-passing systems},
  author={Elnozahy, Elmootazbellah Nabil and Alvisi, Lorenzo and Wang, Yi-Min and Johnson, David B},
  journal={ACM Computing Surveys (CSUR)},
  volume={34},
  number={3},
  pages={375--408},
  year={2002},
  publisher={ACM}
}
// Rollback via atomische wijze
@inproceedings{machado2008enabling,
  title={Enabling rollback support in IT change management systems},
  author={Machado, Guilherme Sperb and Daitx, Fabio Fabian and da Costa Cordeiro, Weverton Luis and Both, Cristiano Bonato and Gaspary, Luciano Paschoal and Granville, Lisandro Zambenedetti and Bartolini, Claudio and Sahai, Akhil and Trastour, David and Saikoski, Katia},
  booktitle={Network Operations and Management Symposium, 2008. NOMS 2008. IEEE},
  pages={347--354},
  year={2008},
  organization={IEEE}
}
// Rollback algemeen
@inproceedings{srinivasan2004flashback,
  title={Flashback: A Lightweight Extension for Rollback and Deterministic Replay for Software Debugging.},
  author={Srinivasan, Sudarshan M and Kandula, Srikanth and Andrews, Christopher R and Zhou, Yuanyuan and others},
  booktitle={USENIX Annual Technical Conference, General Track},
  pages={29--44},
  year={2004},
  organization={Boston, MA, USA}
}
// Algemene uitleg over deployement met virtualisatie
@misc{shumate2004implications,
keywords={referenties}, 
  title={Implications of Virtualization for Image Deployment},
  author={Shumate, Simon},
  year={2004},
  url = {http://www.dell.com/downloads/global/power/ps4q04-20040152-Shumate.pdf},
  publisher={Dell Power Solutions}
}
// Directe qoute uit tekst
@article{merkel2014docker,
keywords={referenties}, 
  title={Docker: lightweight linux containers for consistent development and deployment},
  author={Merkel, Dirk},
  journal={Linux Journal},
  volume={2014},
  number={239},
  pages={2},
  year={2014},
  publisher={Belltown Media}
}
// Een beetje uitleg over Docker
@article{chamberlain2014using,
keywords={referenties}, 
  title={Using Docker to support reproducible research},
  author={Chamberlain, Ryan and Schommer, Jennifer},
  journal={DOI: http://dx. doi. org/10.6084/m9. figshare},
  volume={1101910},
  year={2014}
}
// Docker hoofdpagina
@misc{dockerMain,
keywords={referenties}, 
  COMauthor = {Geen idee},
  title = {{Docker Main Page}},
  howpublished = "\url{https://www.docker.com/}",
  year = {2016}, 
  note = "[Online; geraadpleegd 16-08-2016]"
}
@unpublished{dockerEbook,
keywords={referenties}, 
author = {Docker},
title = {Docker for the Virtualization Admin},
year = {2016}
}
// Geleende bronnen
@inproceedings{rutherford2002reconfiguration,
keywords={referenties},
  title={Reconfiguration in the Enterprise JavaBean component model},
  author={Rutherford, Matthew J and Anderson, Kenneth and Carzaniga, Antonio and Heimbigner, Dennis and Wolf, Alexander L},
  booktitle={International Working Conference on Component Deployment},
  pages={67--81},
  year={2002},
  organization={Springer}
}
@misc{bailey1997maximum,
keywords={referenties},
  title={Maximum rpm},
  author={Bailey, Edward C},
  year={1997}
}