@misc{microsoft,
  COMauthor = {Geen idee},
  title = {{Microsoft Docker info}},
  howpublished = "\url{https://msdn.microsoft.com/en-us/virtualization/windowscontainers/quick_start/quick_start_windows_10}",
  year = {2016}, 
  note = "[Online; geraadpleegd 27-09-2016]"
}
@misc{docker,
  COMauthor = {Geen idee},
  title = {{Docker info}},
  howpublished = "\url{https://docs.docker.com/engine/understanding-docker/}",
  year = {2016}, 
  note = "[Online; geraadpleegd 27-09-2016]"
}
@misc{dockerNodig,
  COMauthor = {Geen idee},
  title = {{Docker benodigdheden}},
  howpublished = "\url{https://docs.docker.com/docker-for-windows/#what-to-know-before-you-install}",
  year = {2016}, 
  note = "[Online; geraadpleegd 28-09-2016]"
}