@misc{electricMain,
  COMauthor = {M.H. Perrott},
  title = {{Main page ElectricFlow}},
  howpublished = "\url{http://electric-cloud.com/products/electricflow}",
  year = {2016}, 
  note = "[Online; geraadpleegd 8-10-2016]"
}
@misc{buildmasterDoc,
  COMauthor = {M.H. Perrott},
  title = {{Documentation Buildmaster}},
  howpublished = "\url{http://inedo.com/support/documentation/buildmaster/overview}",
  year = {2016}, 
  note = "[Online; geraadpleegd 8-10-2016]"
}
@misc{buildmasterMain,
  COMauthor = {M.H. Perrott},
  title = {{Main page Buildmaster}},
  howpublished = "\url{http://inedo.com/buildmaster}",
  year = {2016}, 
  note = "[Online; geraadpleegd 8-10-2016]"
}
@misc{buildmasterPricing,
  COMauthor = {M.H. Perrott},
  title = {{Pricing page Buildmaster}},
  howpublished = "\url{http://inedo.com/buildmaster/pricing}",
  year = {2016}, 
  note = "[Online; geraadpleegd 8-10-2016]"
}