@misc{nsisFeatures,
  author = {Geen idee},
  title = {{BWorld Robot Control Software}},
  howpublished = "\url{http://nsis.sourceforge.net/Features}",
  year = {2016}, 
  note = "[Online; accessed 2-08-2016]"
}